@misc{website:jupyter,
author = "Project Jupyter",
howpublished = "\url{https://jupyter.org/about}",
month = "June",
title = "About {P}roject {J}upyter",
year = "2018",
}

@misc{website:docs,
author = "Antonino Ingargiola and contributors",
howpublished = "\url{https://jupyter-notebook-beginner-guide.readthedocs.io/en/latest/index.html}",
title = "Jupyter/{IP}ython {N}otebook Quick Start Guide",
year = "2015",
}

@Inbook{Sevegnani2016,
author="Sevegnani, Michele
and Calder, Muffy",
editor="Chaudhuri, Swarat
and Farzan, Azadeh",
title="BigraphER: Rewriting and Analysis Engine for Bigraphs",
bookTitle="Computer Aided Verification: 28th International Conference, CAV 2016, Toronto, ON, Canada, July 17-23, 2016, Proceedings, Part II",
year="2016",
publisher="Springer International Publishing",
address="Cham",
pages="494--501",
isbn="978-3-319-41540-6",
doi="10.1007/978-3-319-41540-6_27",
url="http://dx.doi.org/10.1007/978-3-319-41540-6_27"
}
